@misc{CuminsElectrolizer,
year= "2021",
title = "Hydrogen: The Next Generation Discover Cummins Electrolyzer Technologies",
url = "https://www.cummins.com/sites/default/files/2021-08/cummins-hydrogen-generation-brochure-20210603.pdf",
howpublished = "Brochure",
author ="Cummins"
}
@Article{HydrogenEnergyStorag2,
  author          = {Wolf, Erik},
  title           = {Large-Scale Hydrogen Energy Storage},
  year            = 2015,
  pages           = {129–142},
  doi             = {10.1016/b978-0-444-62616-5.00009-7},
  url             = {http://dx.doi.org/10.1016/B978-0-444-62616-5.00009-7},
  journal         = {Electrochemical Energy Storage for Renewable Sources and
                  Grid Balancing},
  publisher       = {Elsevier}
}
@Article{2007,
  author          = {Sinden, Graham},
  title           = {Characteristics of the UK wind resource: Long-term patterns
                  and relationship to electricity demand},
  year            = 2007,
  volume          = 35,
  number          = 1,
  month           = {Jan},
  pages           = {112–127},
  issn            = {0301-4215},
  doi             = {10.1016/j.enpol.2005.10.003},
  url             = {http://dx.doi.org/10.1016/j.enpol.2005.10.003},
  journal         = {Energy Policy},
  publisher       = {Elsevier BV}
}
@Online{gridwatch,
  ALTauthor       = {},
  ALTeditor       = {},
  title           = {Grid Watch},
  ALTyear         = {2022},
  ALTdate         = {},
  url             = {https://www.gridwatch.templar.co.uk/}
}
@Online{RenewableElecricityCap,
  ALTauthor       = {UK Government},
  ALTeditor       = {},
  title           = {Renewable electricity capacity and generation},
  ALTyear         = {2022},
  ALTdate         = {10/03/2022},
  url             = {https://assets.publishing.service.gov.uk/government/uploads/system/uploads/attachment_data/file/1057646/ET_6.1_DEC_21.xlsx}
}
@Online{ofgemBillBreakdown,
  ALTauthor       = {ofgem},
  ALTeditor       = {},
  title           = {Breakdown of en electricity bill},
  ALTyear         = {2021},
  ALTdate         = {},
  url             = {https://www.ofgem.gov.uk/energy-data-and-research/data-portal/all-available-charts?sort=created&page=4}
}
@Report{BiomassPolicyStatement,
  author          = {Department for Business, Energy & Industrial Strategy},
  title           = {Biomass Policy Statement},
  type            = {},
  institution     = {UK Government},
  ALTyear         = {2021},
  ALTdate         = {Nov 2021},
  url             = {https://assets.publishing.service.gov.uk/government/uploads/system/uploads/attachment_data/file/1031057/biomass-policy-statement.pdf}
}
@Article{biomassNA,
  author          = {Agbor, Ezinwa and Zhang, Xiaolei and Kumar, Amit},
  title           = {A review of biomass co-firing in North America},
  year            = 2014,
  volume          = 40,
  month           = {Dec},
  pages           = {930–943},
  issn            = {1364-0321},
  doi             = {10.1016/j.rser.2014.07.195},
  url             = {http://dx.doi.org/10.1016/j.rser.2014.07.195},
  journal         = {Renewable and Sustainable Energy Reviews},
  publisher       = {Elsevier BV}
}
@Online{ForestResearch,
  ALTauthor       = {Forest Research},
  ALTeditor       = {},
  title           = {Forestry Statistics and Forestry Facts & Figures},
  ALTyear         = {},
  ALTdate         = {2021},
  url             = {https://www.forestresearch.gov.uk/tools-and-resources/statistics/forestry-statistics/}
}
@Article{EndtoCoal2024,
  author          = {The Rt Hon Anne-Marie Trevelyan MP, The Rt Hon Alok Sharma MP},
  title           = {End to coal power brought forward to October 2024},
  ALTyear         = {2021},
  ALTdate         = {30/06/2021},
  url             = {https://www.gov.uk/government/news/end-to-coal-power-brought-forward-to-october-2024},
  publisher       = {UK Govenment}
}
@Article{BioPelletsWholeTrees,
  author          = {Rebecca Speare-Cole},
  title           = {Biomass is promoted as a carbon neutral fuel. But is burning wood a step in the wrong direction?},
  journaltitle    = {The Guardian},
  ALTyear         = {2021},
  ALTdate         = {5th Oct}
}
@Report{USTimberPoduction,
  author          = {Howard, James L. Liang, Shaobo},
  title           = {U.S. Timber Production, Trade, Consumption, and Price Statistics, 1965–2017},
  type            = {Research Paper},
  institution     = {Forest Service},
  ALTyear         = {2019},
  ALTdate         = {July},
  OPTpages        = {39}
}
@Report{DeptEnerLCOE,
  institution     = {UK Goverment},
  author          = {Department for Buisness, Energy & Industrial Strategy},
  title           = {Electricity Generation Costs 2020},
  type            = {},
  ALTyear         = {2020},
  ALTdate         = {August},
  url             = {https://assets.publishing.service.gov.uk/government/uploads/system/uploads/attachment_data/file/911817/electricity-generation-cost-report-2020.pdf},
  OPTpages        = {50}
}
@Report{DeptEnerLCOE2016,
  institution     = {UK Goverment},
  title           = {Electricity Generatio Costs 2016},
  type            = {},
  author          = {Department for Buisness, Energy & Industrial Strategy},
  ALTyear         = {2016},
  ALTdate         = {November},
  url             = {https://assets.publishing.service.gov.uk/government/uploads/system/uploads/attachment_data/file/566567/BEIS_Electricity_Generation_Cost_Report.pdf},
  OPTpages        = {27}
}
@Online{UNForresteryDB,
  ALTauthor       = {Food and Agricultural Organization of the United Nations},
  title           = {FAOSAT-Forestery database},
  ALTyear         = {2019},
  url             = {https://www.fao.org/forestry/statistics/84922/en/}
}
